<?xml version="1.0" encoding="UTF-8" ?>
<collection xmlns:xsi="http://www.w3.org/2001/XMLSchema-instance" xsi:schemaLocation="http://www.loc.gov/MARC21/slim http://www.loc.gov/standards/marcxml/schema/MARC21slim.xsd" xmlns="http://www.loc.gov/MARC21/slim">
   <record>
      <leader>     cam a22     I  4500</leader>
      <controlfield tag="001">4432760</controlfield>
      <controlfield tag="003">NIC</controlfield>
      <controlfield tag="005">20140726194350.0</controlfield>
      <controlfield tag="008">850326s1939    tu       b    000 0 ara  </controlfield>
      <datafield tag="010" ind1=" " ind2=" ">
         <subfield code="a">ne 62001351 </subfield>
      </datafield>
      <datafield tag="035" ind1=" " ind2=" ">
         <subfield code="a">(OCoLC)11851753</subfield>
      </datafield>
      <datafield tag="035" ind1=" " ind2=" ">
         <subfield code="a">4432760</subfield>
      </datafield>
      <datafield tag="040" ind1=" " ind2=" ">
         <subfield code="a">DLC</subfield>
         <subfield code="c">IXA</subfield>
         <subfield code="d">NIC</subfield>
      </datafield>
      <datafield tag="050" ind1=" " ind2=" ">
         <subfield code="a">BP195.B3</subfield>
         <subfield code="b">D3 1939</subfield>
      </datafield>
      <datafield tag="100" ind1="1" ind2=" ">
         <subfield code="a">Daylamī, Muḥammad ibn al-Ḥasan,</subfield>
         <subfield code="d">-1311 or 1312.</subfield>
      </datafield>
      <datafield tag="245" ind1="1" ind2="0">
         <subfield code="a">Bayān madhhab al-Bāṭinīyah wa-buṭlānih,</subfield>
         <subfield code="b">manqūl min kitāb qawāʻid ʻaqāʼid āl Muḥammad,</subfield>
         <subfield code="c">taʼlīf Muḥammad ibn al-Ḥasan al-Daylamī ʻuniyá bi-taṣhīhih R. Shtrūṭmān.</subfield>
      </datafield>
      <datafield tag="260" ind1=" " ind2=" ">
         <subfield code="a">Istānbūl :</subfield>
         <subfield code="b">li-Jamʻīyat al-Mustashriqīn al-Almānīyah,</subfield>
         <subfield code="c">1938 [ḥaqīqah 1939]</subfield>
      </datafield>
      <datafield tag="300" ind1=" " ind2=" ">
         <subfield code="a">15, 137 p.</subfield>
         <subfield code="c">26 cm.</subfield>
      </datafield>
      <datafield tag="490" ind1="1" ind2=" ">
         <subfield code="a">al-Nashrīyāt al-Islāmīyah,</subfield>
         <subfield code="v">11</subfield>
      </datafield>
      <datafield tag="500" ind1=" " ind2=" ">
         <subfield code="a">Added t.p.: Die Geheimlehre der Batiniten.</subfield>
      </datafield>
      <datafield tag="504" ind1=" " ind2=" ">
         <subfield code="a">Bibliographical footnotes.</subfield>
      </datafield>
      <datafield tag="650" ind1=" " ind2="0">
         <subfield code="a">Batinites.</subfield>
      </datafield>
      <datafield tag="700" ind1="1" ind2=" ">
         <subfield code="a">Strothmann, Rudolf,</subfield>
         <subfield code="d">1877-</subfield>
      </datafield>
      <datafield tag="740" ind1="0" ind2=" ">
         <subfield code="a">Qawāʻid ʻaqāʼid āl Muḥammad.</subfield>
      </datafield>
      <datafield tag="830" ind1=" " ind2="0">
         <subfield code="a">Bibliotheca Islamica ;</subfield>
         <subfield code="v">11.</subfield>
      </datafield>
      <datafield tag="948" ind1="2" ind2=" ">
         <subfield code="a">20021028</subfield>
         <subfield code="b">x</subfield>
         <subfield code="d">batch</subfield>
         <subfield code="e">lts</subfield>
      </datafield>
      <datafield tag="948" ind1="3" ind2=" ">
         <subfield code="a">20021028</subfield>
         <subfield code="h">recon1</subfield>
         <subfield code="i">edx.mars.coo.ftp.v02m1002.cc.bib</subfield>
      </datafield>
      <datafield tag="903" ind1=" " ind2=" ">
         <subfield code="a">NYUACO</subfield>
         <subfield code="d">20141028</subfield>
         <subfield code="p">31924029186471</subfield>
      </datafield>
      <datafield tag="950" ind1=" " ind2=" ">
         <subfield code="a">BP195.B3</subfield>
         <subfield code="b">D23 1939</subfield>
         <subfield code="v"> </subfield>
      </datafield>
   </record>
</collection>
